<?xml version="1.0" encoding="UTF-8"?><collection xmlns="http://www.loc.gov/MARC21/slim"><record><leader>00420nam--2200145-i-4500</leader><controlfield tag="001">000004670</controlfield><controlfield tag="002">20161230</controlfield><controlfield tag="005">20170106173925</controlfield><controlfield tag="008">060222s1000------------r-----000-0-eng-d</controlfield><datafield ind1=" " ind2=" " tag="100"><subfield code="a">Alm©Łssy, Gyula</subfield></datafield><datafield ind1=" " ind2=" " tag="245"><subfield code="a">Analitikai vizsg©Łlatok hazai k¿szenek ur©Łntartalm©Łra vonatkoz©đlag</subfield></datafield><datafield ind1=" " ind2=" " tag="260"><subfield code="a">Budapest</subfield><subfield code="b">Magyar Tudom©Łnyos Akad©♭mia</subfield><subfield code="c">1956</subfield></datafield><datafield ind1=" " ind2=" " tag="700"><subfield code="a">Szalay, S©Łndor</subfield></datafield><datafield ind1=" " ind2=" " tag="852"><subfield code="a">6272</subfield></datafield><datafield ind1=" " ind2=" " tag="CAT"><subfield code="a">SYS</subfield><subfield code="c">20170106</subfield><subfield code="h">173925</subfield></datafield></record></collection>